@Manual{C++11/lock,
    title = "Standard for Programming Language C++",
    year = 2013,
    month = may,
    organization = "ISO/IEC 14882:2011",
    note = "30.4.3 Generic locking algorithms",
    pages = 1134
}

@Manual{C++11/Lockable,
    title = "Standard for Programming Language C++",
    year = 2013,
    month = may,
    organization = "ISO/IEC 14882:2011",
    note = "30.2.5.3 Lockable requirements",
    pages = 1116
}

@Manual{C++11/POD,
    title = "Standard for Programming Language C++",
    year = 2013,
    month = may,
    organization = "ISO/IEC 14882:2011",
    note = "9. Classes, close 9",
    pages = 205
}

@Book{ExceptionalC++,
    author    = "Sutter, Herb", 
    title     = "Exceptional C++",
    publisher = "Addison-Wesley",
    year      = 1999,
    isbn      = "ISBN 0-201-61562-2"
}

@Misc{WikiASLR
    title = "ASLR",
    url = "http://en.wikipedia.org/wiki/Address_space_layout_randomization"
    journal = "Wikipedia"
}

@Misc{BOOST-PP-COUNTER()
    title = "BOOST_PP_COUNTER",
    url = "http://www.boost.org/doc/libs/1_54_0/libs/preprocessor/doc/ref/counter.html"
}
